<record><leader>00000cas a22000007a 4500</leader><controlfield tag="001">19284179</controlfield><controlfield tag="008">890301d19251929moudn ne      0    0eng d</controlfield><datafield ind1=" " ind2=" " tag="010"><subfield code="a">sn 89066024 </subfield></datafield><datafield ind1=" " ind2=" " tag="040"><subfield code="a">MQN</subfield><subfield code="b">eng</subfield><subfield code="c">MQN</subfield><subfield code="d">OCLCQ</subfield></datafield><datafield ind1=" " ind2=" " tag="042"><subfield code="a">msc</subfield></datafield><datafield ind1="0" ind2="0" tag="245"><subfield code="a">Daily democrat-forum and Maryville tribune.</subfield></datafield><datafield ind1=" " ind2=" " tag="260"><subfield code="a">Maryville, Mo. :</subfield><subfield code="b">Maryville Pub. Co.,</subfield><subfield code="c">1925-1929.</subfield></datafield><datafield ind1=" " ind2=" " tag="300"><subfield code="a">v.</subfield></datafield><datafield ind1=" " ind2=" " tag="310"><subfield code="a">Daily (except Sun.)</subfield></datafield><datafield ind1="0" ind2=" " tag="362"><subfield code="a">Vol. 15, no. 285 (May 4, 1925)-v. 19, no. 300 (May 21, 1929).</subfield></datafield><datafield ind1=" " ind2="4" tag="651"><subfield code="a">Maryville (Mo.)</subfield><subfield code="v">Newspapers.</subfield></datafield><datafield ind1=" " ind2=" " tag="752"><subfield code="a">United States</subfield><subfield code="b">Missouri</subfield><subfield code="c">Nodaway</subfield><subfield code="d">Maryville.</subfield></datafield><datafield ind1="0" ind2=" " tag="775"><subfield code="t">Weekly democrat-forum and Maryville tribune</subfield><subfield code="w">(DLC)sn 89066029</subfield></datafield><datafield ind1="0" ind2="4" tag="780"><subfield code="t">Maryville tribune (Maryville, Mo. : Daily ed.)</subfield><subfield code="w">(DLC)sn 89066040</subfield></datafield><datafield ind1="0" ind2="4" tag="780"><subfield code="t">Daily democrat-forum</subfield><subfield code="w">(DLC)sn 89066023</subfield></datafield><datafield ind1="0" ind2="0" tag="785"><subfield code="t">Maryville daily forum</subfield><subfield code="w">(DLC)sn 89066025</subfield></datafield></record>